This file was created with JabRef 1.8.
Encoding: UTF8

@STRING{E = {Erreichbarkeit}}

@STRING{efbm = {Fachbibliothek fÃ¼r Mathematik}}

@STRING{eko = {Fotokopie}}

@STRING{erisc = {Fachbibliothek am RISC Hagenberg}}

@STRING{eubl = {UniversitÃ¤tsbilbiothek Linz}}

@STRING{J = {Journals}}

@STRING{jjsc = {Journal of Symbolic Computation}}

@STRING{O = {Organisationen}}

@STRING{oacm = {Association for Computing Machinery}}

@STRING{S = {Status}}

@STRING{sgel = {ungelesen}}

@STRING{snue = {nÃ¼tzlich}}

@STRING{sueb = {ueberflogen}}

@STRING{suns = {unsicher}}

@STRING{sve = {verwendet}}

@STRING{V = {Verlage}}

@STRING{vacmp = {ACM Press}}

@STRING{vsp = {Springer}}

@STRING{vwsp = {World Scientific Press}}

@INTERNET{POSIX,
  title = {{IEEE Standard 1003.1-2004 Standard for Information Technology}},
  url = {http://www.unix.org/single_unix_specification/},
  author = {{Institute of Electrical and Electronics Engineers, Inc and The Open
	Group}},
  owner = {tmgisi},
  urldate = {2005-10-25},
  year = {2004},
}

@INTERNET{LibModel,
  title = {{L}ib{M}odel},
  url = {http://www.risc.uni-linz.ac.at/software/aldor/project.php?id=LibModel},
  owner = {tmgisi},
  urldate = {2005-10-18},
}

@INTERNET{Unicode,
  title = {Unicode},
  url = {http://www.unicode.org/},
  owner = {tmgisi},
  urldate = {2005-10-25},
}

@comment{jabref-meta: groupsversion:3;}

@comment{jabref-meta: groupstree:
0 AllEntriesGroup:;
1 ExplicitGroup:AldorUnit\;0\;Aldoc\;Aldor\;Beck2000\;Beck2003\;JUnit\
;LibModel\;;
1 ExplicitGroup:ExtIO\;0\;LibModel\;POSIX\;Unicode\;;
1 ExplicitGroup:LibModel\;0\;AldorUnit\;ExtIO\;GNUCodingStandards\;;
}

@comment{jabref-entrytype: Internet: req[title] opt[url]}

