This file was created with JabRef 1.8.
Encoding: UTF8

@STRING{E = {Erreichbarkeit}}

@STRING{efbm = {Fachbibliothek fÃ¼r Mathematik}}

@STRING{eko = {Fotokopie}}

@STRING{erisc = {Fachbibliothek am RISC Hagenberg}}

@STRING{eubl = {UniversitÃ¤tsbilbiothek Linz}}

@STRING{J = {Journals}}

@STRING{jjsc = {Journal of Symbolic Computation}}

@STRING{O = {Organisationen}}

@STRING{oacm = {Association for Computing Machinery}}

@STRING{S = {Status}}

@STRING{sgel = {ungelesen}}

@STRING{snue = {nÃ¼tzlich}}

@STRING{sueb = {ueberflogen}}

@STRING{suns = {unsicher}}

@STRING{sve = {verwendet}}

@STRING{V = {Verlage}}

@STRING{vacmp = {ACM Press}}

@STRING{vsp = {Springer}}

@STRING{vwsp = {World Scientific Press}}

@INTERNET{AldorUnit,
  title = {{A}ldor{U}nit},
  url = {http://www.risc.uni-linz.ac.at/software/aldor/project.php?id=AldorUnit},
  owner = {tmgisi},
  urldate = {2005-10-18},
}

@INTERNET{ExtIO,
  title = {{E}xt{IO}},
  url = {http://www.risc.uni-linz.ac.at/software/aldor/project.php?id=ExtIO},
  owner = {tmgisi},
  urldate = {2005-10-18},
}

@INTERNET{GNUCodingStandards,
  title = {{GNU} coding standards},
  url = {http://www.gnu.org/prep/standards/},
  owner = {tmgisi},
  urldate = {2005-10-25},
}

@comment{jabref-meta: groupsversion:3;}

@comment{jabref-meta: groupstree:
0 AllEntriesGroup:;
1 ExplicitGroup:AldorUnit\;0\;Aldoc\;Aldor\;Beck2000\;Beck2003\;JUnit\
;LibModel\;;
1 ExplicitGroup:ExtIO\;0\;Libtool\;POSIX\;Unicode\;;
1 ExplicitGroup:LibModel\;0\;AldorUnit\;ExtIO\;GNUCodingStandards\;;
}

@comment{jabref-entrytype: Internet: req[title] opt[url]}

