This file was created with JabRef 1.8.1.
Encoding: UTF8

@STRING{E = {Erreichbarkeit}}

@STRING{efbm = {Fachbibliothek fÃ¼r Mathematik}}

@STRING{eko = {Fotokopie}}

@STRING{erisc = {Fachbibliothek am RISC Hagenberg}}

@STRING{eubl = {UniversitÃ¤tsbilbiothek Linz}}

@STRING{J = {Journals}}

@STRING{jjsc = {Journal of Symbolic Computation}}

@STRING{O = {Organisationen}}

@STRING{oacm = {Association for Computing Machinery}}

@STRING{S = {Status}}

@STRING{sgel = {ungelesen}}

@STRING{snue = {nÃ¼tzlich}}

@STRING{sueb = {ueberflogen}}

@STRING{suns = {unsicher}}

@STRING{sve = {verwendet}}

@STRING{V = {Verlage}}

@STRING{vacmp = {ACM Press}}

@STRING{vsp = {Springer}}

@STRING{vwsp = {World Scientific Press}}

@MASTERSTHESIS{Aistleitner2005,
  author = {Aistleitner, Christian},
  title = {A generic implementation of characteristic set algorithms in Aldor},
  school = {Johannes Kepler Universit{\"a}t, Linz},
  year = {2005},
}

@INTERNET{AldorUG,
  title = {{A}ldor {U}ser {G}uide},
  url = {http://www.aldor.org/docs/aldorug.pdf},
  author = {Aldor.org},
  owner = {tmgisi},
  urldate = {2005-12-06},
  year = {2002},
}

@ARTICLE{Hubert2000,
  author = {Hubert, Evelyne},
  title = {Factorization Free Decomposition Algorithms In Differential Algebra},
  journal = {Journal of Symbolic Computation},
  year = {2000},
  volume = {29(4--5)},
  pages = {641--662},
  abstract = {Insight on the structure of differential ideals defined by coherent
	autoreduced set allows one to uncouple the differential and algebraic
	computations in a decomposition algorithm. Original results as well
	as concise new proofs of already presented theorems are exposed.
	As a consequence, an effective version of Ritt's algorithm can be
	simply described.},
  groupsearch = {0},
  pdf = {/storage/Daten/Diplomarbeit/Papers/Hubert/factorization-free-decomposition-algorithms.pdf},
}

@BOOK{Maple9AdvancedProgramming,
  title = {Maple 9 Advanced Programming Guide},
  publisher = {Maplesoft},
  year = {2003},
  author = {Monagan, M. B. and Geddes, K. O. and Heal, K. M. and Labahn, G. and
	Vorkoetter, S. M. and McCarron, J. and DeMarco, P.},
  owner = {tmgisi},
}

@BOOK{Wang2001,
  title = {Elimination Methods},
  publisher = {Springer},
  year = {2001},
  author = {Wang, Dongming},
  isbn = {3-211-83241-6},
  owner = {tmgisi},
}

@BOOK{Winkler1996,
  title = {Polynomial algorithms in computer algebra},
  publisher = {Springer},
  year = {1996},
  author = {Winkler, Franz},
  isbn = {3-211-82759-5},
  owner = {tmgisi},
}

@BOOK{MathematicaBook,
  title = {The Mathematica Book},
  publisher = {Wolfram Media},
  year = {2003},
  author = {Wolfram, Stephen},
  edition = {5th},
  isbn = {1-57955-022-3},
  owner = {tmgisi},
  url = {http://documents.wolfram.com/mathematica/book/},
  urldate = {2005-12-06},
}

@INTERNET{ELF1995,
  title = {Tool Interface Standacd ({TIS}) Executable and Linking Format ({ELF})
	Specification},
  url = {http://x86.ddj.com/ftp/manuals/tools/elf.pdf},
  author = {{TIS Committee}},
  month = {May},
  owner = {tmgisi},
  urldate = {2005-12-06},
  year = {1995},
}

@INTERNET{SystemV2003,
  title = {{System V} Application Binary Interface},
  url = {http://www.caldera.com/developers/gabi/latest/contents.html},
  comment = {Draft},
  month = {December},
  owner = {tmgisi},
  urldate = {2005-12-06},
  year = {2003},
}

@INTERNET{GCC,
  title = {{GNU} {C}ompiler {C}ollection},
  url = {http://gcc.gnu.org/},
  owner = {tmgisi},
  urldate = {2005-12-06},
}

@INTERNET{GMP,
  title = {{T}he {GNU} {M}ultiple {P}recision {B}ignum {L}ibrary},
  url = {http://www.swox.com/gmp/},
  owner = {tmgisi},
  urldate = {2005-12-06},
}

@INTERNET{GNUBinutils,
  title = {{GNU} {B}inutils},
  url = {http://www.gnu.org/software/binutils/},
  owner = {tmgisi},
  urldate = {2005-12-06},
}

@INTERNET{LibModel,
  title = {{L}ib{M}odel},
  url = {http://www.risc.uni-linz.ac.at/software/aldor/project.php?id=LibModel},
  owner = {tmgisi},
  urldate = {2005-12-06},
}

@INTERNET{Maple,
  title = {Maple},
  url = {http://www.maplesoft.com/products/maple/},
  urldate = {2005-12-06},
}

@INTERNET{Mathematica,
  title = {Mathematica},
  url = {http://www.wolfram.com/products/mathematica/index.html},
  owner = {tmgisi},
  urldate = {2005-12-06},
}

@INTERNET{MathLink,
  title = {{M}ath{L}ink},
  url = {http://www.wolfram.com/solutions/mathlink/mathlink.html},
  owner = {tmgisi},
  urldate = {2005-12-06},
}

@INTERNET{MathLinkSDK,
  title = {{M}ath{L}ink {S}oftware {D}eveloper {K}it},
  url = {http://www.wolfram.com/solutions/mathlink/devkits.html},
  owner = {tmgisi},
  urldate = {2005-12-06},
}

@INTERNET{MSDNDLL,
  title = {About Dynamic-Link Libraries},
  url = {http://msdn.microsoft.com/library/default.asp?url=/library/en-us/dllproc/base/about_dynamic_link_libraries.asp},
  journal = {Microsoft Developer Network},
  owner = {tmgisi},
  urldate = {2005-12-06},
}

@comment{jabref-meta: groupsversion:3;}

@comment{jabref-meta: groupstree:
0 AllEntriesGroup:;
1 ExplicitGroup:AldorUnit\;0\;Aldoc\;Aldor\;Beck2000\;Beck2003\;JUnit\
;LibModel\;;
1 ExplicitGroup:ExtIO\;0\;LibModel\;POSIX\;Unicode\;;
1 ExplicitGroup:LibModel\;0\;AldorUnit\;ExtIO\;GNUCodingStandards\;;
1 ExplicitGroup:CharSet\;0\;Aistleitner2005\;AldorUG\;ELF1995\;GCC\;GM
P\;GNUBinutils\;Hubert2000\;LibModel\;MSDNDLL\;Maple\;Maple9AdvancedPr
ogramming\;MathLink\;MathLinkSDK\;Mathematica\;MathematicaBook\;System
V2003\;Wang2001\;Winkler1996\;;
}

@comment{jabref-entrytype: Internet: req[title] opt[url]}

