This file was created with JabRef 1.8.
Encoding: UTF8

@STRING{E = {Erreichbarkeit}}

@STRING{efbm = {Fachbibliothek fÃ¼r Mathematik}}

@STRING{eko = {Fotokopie}}

@STRING{erisc = {Fachbibliothek am RISC Hagenberg}}

@STRING{eubl = {UniversitÃ¤tsbilbiothek Linz}}

@STRING{J = {Journals}}

@STRING{jjsc = {Journal of Symbolic Computation}}

@STRING{O = {Organisationen}}

@STRING{oacm = {Association for Computing Machinery}}

@STRING{S = {Status}}

@STRING{sgel = {ungelesen}}

@STRING{snue = {nÃ¼tzlich}}

@STRING{sueb = {ueberflogen}}

@STRING{suns = {unsicher}}

@STRING{sve = {verwendet}}

@STRING{V = {Verlage}}

@STRING{vacmp = {ACM Press}}

@STRING{vsp = {Springer}}

@STRING{vwsp = {World Scientific Press}}

@BOOK{Beck2003,
  title = {Test-driven development : by example},
  publisher = {Addison-Wesley},
  year = {2003},
  author = {Beck, Kent},
  owner = {tmgisi},
}

@BOOK{Beck2000,
  title = {Extreme programming explained: embrace change},
  publisher = {Addison-Wesley},
  year = {2000},
  author = {Beck, Kent},
  owner = {tmgisi},
}

@INTERNET{Aldoc,
  title = {Aldoc},
  url = {ftp://ftp-sop.inria.fr/cafe/software/aldoc},
  owner = {tmgisi},
  urldate = {2005-10-25},
}

@INTERNET{Aldor,
  title = {Aldor},
  url = {http://www.aldor.org/},
  urldate = {2005-10-25},
}

@INTERNET{JUnit,
  title = {{JUnit}},
  url = {http://sourceforge.net/projects/junit/},
  urldate = {2004-10-25},
}

@INTERNET{LibModel,
  title = {{L}ib{M}odel},
  url = {http://www.risc.uni-linz.ac.at/software/aldor/project.php?id=LibModel},
  owner = {tmgisi},
  urldate = {2005-10-18},
}

@comment{jabref-meta: groupsversion:3;}

@comment{jabref-meta: groupstree:
0 AllEntriesGroup:;
1 ExplicitGroup:AldorUnit\;0\;Aldoc\;Aldor\;Beck2000\;Beck2003\;JUnit\
;LibModel\;;
}

@comment{jabref-entrytype: Internet: req[title] opt[url]}

